[gd_scene load_steps=10 format=3 uid="uid://b2r3hd3cvqcpd"]

[ext_resource type="Script" path="res://scenes/action/RouteStartScreen.gd" id="1_rd7by"]
[ext_resource type="FontFile" uid="uid://600ako8ues22" path="res://assets/ui/Kenney Rocket.ttf" id="1_tv4b0"]
[ext_resource type="PackedScene" uid="uid://dlbr7rqctuly6" path="res://scenes/map/Planet.tscn" id="3_1srne"]
[ext_resource type="Material" uid="uid://cs5k2ykobuowo" path="res://scenes/tiled_background_material.tres" id="3_5vxfq"]
[ext_resource type="Texture2D" uid="uid://401kty2vp7ry" path="res://assets/sprites/planets/planet3.png" id="4_3168c"]

[sub_resource type="Theme" id="Theme_lhgg2"]
default_font = ExtResource("1_tv4b0")
default_font_size = 27
Button/fonts/font = ExtResource("1_tv4b0")
Label/fonts/font = ExtResource("1_tv4b0")
LineEdit/fonts/font = ExtResource("1_tv4b0")
ProgressBar/fonts/font = ExtResource("1_tv4b0")
TabBar/fonts/font = ExtResource("1_tv4b0")
TextEdit/fonts/font = ExtResource("1_tv4b0")
Tree/fonts/font = ExtResource("1_tv4b0")
Tree/fonts/title_button_font = ExtResource("1_tv4b0")

[sub_resource type="Shader" id="Shader_kbo4c"]
code = "shader_type canvas_item;

uniform sampler2D planetTexture;
uniform vec4 backgroundColor: source_color;
uniform vec4 highlightColor1: source_color;
uniform vec4 hightlightColor2: source_color;

void fragment() {
	vec4 textureColor = texture(planetTexture, UV);
	vec4 color = mix(backgroundColor, highlightColor1, textureColor.r);
	color = mix(color, hightlightColor2, textureColor.b);
	COLOR = vec4(color.rgb, textureColor.a);
}
"

[sub_resource type="ShaderMaterial" id="ShaderMaterial_tyahm"]
resource_local_to_scene = true
shader = SubResource("Shader_kbo4c")
shader_parameter/backgroundColor = Color(0.196078, 0.192157, 0.231373, 1)
shader_parameter/highlightColor1 = Color(0.266667, 0.278431, 0.454902, 1)
shader_parameter/hightlightColor2 = Color(0.27451, 0.235294, 0.368627, 1)
shader_parameter/planetTexture = ExtResource("4_3168c")

[sub_resource type="ShaderMaterial" id="ShaderMaterial_v7t55"]
resource_local_to_scene = true
shader = SubResource("Shader_kbo4c")
shader_parameter/backgroundColor = Color(0.196078, 0.192157, 0.231373, 1)
shader_parameter/highlightColor1 = Color(0.266667, 0.278431, 0.454902, 1)
shader_parameter/hightlightColor2 = Color(0.27451, 0.235294, 0.368627, 1)
shader_parameter/planetTexture = ExtResource("4_3168c")

[node name="RouteStartScreen" type="Control"]
layout_mode = 3
anchors_preset = 15
anchor_right = 1.0
anchor_bottom = 1.0
grow_horizontal = 2
grow_vertical = 2
theme = SubResource("Theme_lhgg2")
script = ExtResource("1_rd7by")

[node name="TextureRect" type="ColorRect" parent="."]
material = ExtResource("3_5vxfq")
anchors_preset = 15
anchor_right = 1.0
anchor_bottom = 1.0
grow_horizontal = 2
grow_vertical = 2
color = Color(0.196078, 0.192157, 0.231373, 1)

[node name="MarginContainer" type="MarginContainer" parent="TextureRect"]
anchors_preset = 15
anchor_right = 1.0
anchor_bottom = 1.0
grow_horizontal = 2
grow_vertical = 2

[node name="CenterContainer" type="CenterContainer" parent="TextureRect/MarginContainer"]
offset_right = 800.0
offset_bottom = 450.0

[node name="VBoxContainer" type="VBoxContainer" parent="TextureRect/MarginContainer/CenterContainer"]
offset_left = 94.0
offset_top = 54.0
offset_right = 706.0
offset_bottom = 396.0
theme_override_constants/separation = 63

[node name="Label" type="Label" parent="TextureRect/MarginContainer/CenterContainer/VBoxContainer"]
offset_right = 612.0
offset_bottom = 37.0
text = "Next Trip:"
horizontal_alignment = 1

[node name="Label2" type="Label" parent="TextureRect/MarginContainer/CenterContainer/VBoxContainer"]
offset_top = 100.0
offset_right = 612.0
offset_bottom = 137.0
text = "From                       to                      "

[node name="HBoxContainer" type="HBoxContainer" parent="TextureRect/MarginContainer/CenterContainer/VBoxContainer"]
offset_top = 200.0
offset_right = 612.0
offset_bottom = 237.0
theme_override_constants/separation = 20

[node name="Label3" type="Label" parent="TextureRect/MarginContainer/CenterContainer/VBoxContainer/HBoxContainer"]
offset_right = 296.0
offset_bottom = 37.0
size_flags_horizontal = 3
text = "Distance:"
horizontal_alignment = 2

[node name="DistanceLabel" type="Label" parent="TextureRect/MarginContainer/CenterContainer/VBoxContainer/HBoxContainer"]
offset_left = 316.0
offset_top = 1.0
offset_right = 612.0
offset_bottom = 35.0
size_flags_horizontal = 3

[node name="Button" type="Button" parent="TextureRect/MarginContainer/CenterContainer/VBoxContainer"]
offset_top = 300.0
offset_right = 612.0
offset_bottom = 342.0
text = "Start"

[node name="PlanetFrom" parent="." instance=ExtResource("3_1srne")]
material = SubResource("ShaderMaterial_tyahm")
position = Vector2(312, 171)

[node name="PlanetTo" parent="." instance=ExtResource("3_1srne")]
material = SubResource("ShaderMaterial_v7t55")
position = Vector2(574, 171)

[connection signal="mouse_entered" from="TextureRect/MarginContainer/CenterContainer/VBoxContainer/Button" to="." method="_on_button_mouse_entered"]
[connection signal="pressed" from="TextureRect/MarginContainer/CenterContainer/VBoxContainer/Button" to="." method="_on_button_pressed"]
